@inproceedings{Scott:TuringCentenary,
  author = {Scott, Dana S.},
  title = {Lambda Calculus Then and Now},
  booktitle = {ACM Turing Centenary Celebration},
  series = {ACM-TURING '12},
  year = {2012},
  location = {San Francisco, California, USA},
  articleno = {9},
  publisher = {ACM},
}

@incollection{CardoneHindley:History,
title = "Lambda-Calculus and Combinators in the 20th Century",
editor = "Dov M. Gabbay and John Woods",
booktitle = "Logic from Russell to Church",
publisher = "North-Holland",
year = "2009",
volume = "5",
pages = "723 - 817",
series = "Handbook of the History of Logic ",
issn = "1874-5857",
author = "Felice Cardone and J. Roger Hindley",
}

@book{HindleySeldin:LambdaCalculusAndCombinators,
author = "J. Roger Hindley and Jonathan P. Seldin",
title = {Lambda-Calculus and Combinators},
publisher = {Cambridge University Press},
year = {2008},
edition = 2,
}

@book{Pierce:TypesAndPLangs,
author = {Pierce, Benjamin C.},
title = {Types and Programming Languages},
year = {2002},
publisher = {MIT Press},
address = {Cambridge, MA, USA},
}

@book{Barendregt:Bible,
author = {Barendregt, H. P.},
title = {The Lambda Calculus Its Syntax and Semantics},
publisher = {North Holland},
year = {1984},
series={Studies in Logic and the Foundations of Mathematics},
volume = {103},
edition = {Revised ed},
publisher={Elsevier Science},
}

@article{Church:FoundationsLogic,
author = {Alonzo Church},
journal = {Annals of Mathematics},
number = {2},
pages = {346-366},
publisher = {Annals of Mathematics},
title = {A Set of Postulates for the Foundation of Logic},
volume = {33},
year = {1932},
}

@article{Lisp:first,
author = {McCarthy, John},
title = {Recursive Functions of Symbolic Expressions and Their Computation by Machine, Part I},
journal = {Commun. ACM},
issue_date = {April 1960},
volume = {3},
number = {4},
month = apr,
year = {1960},
pages = {184--195},
numpages = {12},
url = {http://www-formal.stanford.edu/jmc/recursive.html},
publisher = {ACM},
address = {New York, NY, USA},
}

@techreport{Scheme:first,
title = {{SCHEME} : an interpreter for extended lambda calculus},
author = "Sussman, Gerald Jay and Steele Jr, Guy Lewis",
institution = "Massachussetts Institute of Technology (MIT). Cambridge (MA US)",
number = "AI 349",
url = "http://hdl.handle.net/1721.1/5794",
year = 1975
}

@techreport{ML:first,
author = {Robin Milner},
title = {Logic for Computable Functions -- Description of a Machine Implementation},
institution = {Stanford University, Department of Computer Science},
year = {1972},
number = {CS-TR-72-288},
month = may,
url = {ftp://reports.stanford.edu/pub/cstr/reports/cs/tr/72/288/CS-TR-72-288.pdf},
}

@article{Haskell:first,
author = {Simon {Peyton Jones} and others},
title = {The {Haskell} 98 Language and Libraries: The Revised Report},
journal = {Journal of Functional Programming},
volume = 13,
number = 1,
month = {Jan},
year = 2003,
url = {http://www.haskell.org/definition/},
}

@book{Church:LambdaConversion,
author = {Church, Alonzo},
title = {The Calculi of Lambda-Conversion},
publisher = {Princeton University Press},
year = {1941},
address = {Princeton, New Jork},
url = {http://books.google.de/books/about/The_Calculi_of_Lambda_conversion.html?id=KCOuGztKVgcC},
quality = {5}, 
}

@article{KleeneRosser:paradox,
author = {S. C. Kleene, J. B. Rosser},
journal = {Annals of Mathematics},
number = 3,
pages = {630-636},
publisher = {Annals of Mathematics},
title = {The Inconsistency of Certain Formal Logics},
volume = 36,
year = {1935}
}

@InCollection{SEP:ConstructiveMathematics,
	author       =	{Bridges, Douglas and Palmgren, Erik},
	title        =	{Constructive Mathematics},
	booktitle    =	{The Stanford Encyclopedia of Philosophy},
	editor       =	{Edward N. Zalta},
  url = {http://plato.stanford.edu/archives/win2013/entries/mathematics-constructive/},
	year         =	{2013},
	edition      =	{Winter 2013},
}
@book{Hofstadter:GEB,
 author = {Hofstadter, Douglas R.},
 title = {Godel, Escher, Bach: An Eternal Golden Braid},
 year = {1979},
 isbn = {0465026850},
 publisher = {Basic Books, Inc.},
 address = {New York, NY, USA},
}

@book{Quine:Paradox,
	author = {W. V. Quine},
	publisher = {Harvard University Press},
	title = {The Ways of Paradox, and Other Essays},
	year = {1976}
}

@article{Schonfinkel:Varargs,
  author = "Sch{\"o}nfinkel, M.",
  title = "{\"U}ber die Bausteine der mathematischen Logik",
  journal = "Mathematische Annalen",
  volume = "92",
  number = "3",
  pages = "305--316",
  year = "1924"
}

@book{Curry:CombinatoryLogicI,
   title =     {Combinatory Logic, Volume I},
   author =    {Haskell Brooks Curry, Robert Feys, William Craig},
   publisher = {North-Holland Publishing Company},
   isbn =      {9780720422085,0720422086},
   year =      {1958},
   series =    {Studies in Logic and the Foundations of Mathematics 22}
}

@INPROCEEDINGS{Statman:TypedNotElementary, 
   author={R. Statman}, 
   booktitle={Foundations of Computer Science, 1977., 18th Annual Symposium on}, 
   title={The typed \( Î» \)-calculus is not elementary recursive}, 
   year=1977, 
   pages={90-94}, 
   keywords={Algebra;Arithmetic;Automatic logic units;Computer science;Logic functions;Polynomials;Turing machines}, 
   doi={10.1109/SFCS.1977.34}, 
   ISSN={0272-5428}, 
   month={Oct},
}

@book{Troelstra:ProofTheory,
   title =     {Basic Proof Theory},
   author =    {A. S. Troelstra, H. Schwichtenberg},
   publisher = {Cambridge University Press},
   isbn =      {9780521779111,0521779111},
   year =      {2000},
   series =    {Cambridge Tracts in Theoretical Computer Science 43},
   edition =   {2nd},
   volume =    {},
   url =       {http://gen.lib.rus.ec/book/index.php?md5=87C491F04470EF259B068EA1BD866607}
}

@book{Mendelson:Logic,
   title =     {Introduction to Mathematical Logic},
   author =    {Mendelson, Elliott},
   publisher = {Chapman and Hall/CRC},
   isbn =      {1584888768,9781584888765},
   year =      {2010},
   series =    {Discrete Mathematics and Its Applications},
   edition =   {5},
   volume =    {},
   url =       {http://gen.lib.rus.ec/book/index.php?md5=85A3CC50C84115FCF96132FD344E4CFF}
}

@book{Hopcroft:Automata,
 author = {Hopcroft, John E. and Motwani, Rajeev and Ullman, Jeffrey D.},
 title = {Introduction to Automata Theory, Languages, and Computation (3rd Edition)},
 year = {2006},
 isbn = {0321455363},
 publisher = {Addison-Wesley Longman Publishing Co., Inc.},
 address = {Boston, MA, USA},
}

@misc{Barendregt:Impact,
  author = {Henk Barendregt},
  title = {The Impact of the Lambda Calculus in Logic and Computer Science},
  year = {1997}
}

@Inbook{Crossley:Reminiscences,
  author="Crossley, J. N.",
  editor="Crossley, John Newsome",
  title="Reminiscences of logicians",
  bookTitle="Algebra and Logic: Papers from the 1974 Summer Research Institute of the Australian Mathematical Society, Monash University, Australia",
  year="1975",
  publisher="Springer Berlin Heidelberg",
  address="Berlin, Heidelberg    ",
  pages="1--62",
  isbn="978-3-540-37480-0",
  doi="10.1007/BFb0062850",
  url="http://dx.doi.org/10.1007/BFb0062850"
}